<record><leader>00000cas a22000007a 4500</leader><controlfield tag="001">9374016</controlfield><controlfield tag="008">830404d19091917mtuwr ne      0   a0eng d</controlfield><controlfield tag="009">3770</controlfield><datafield ind1=" " ind2=" " tag="010"><subfield code="a">sn 83025303 </subfield></datafield><datafield ind1=" " ind2=" " tag="040"><subfield code="a">NPV</subfield><subfield code="b">eng</subfield><subfield code="c">NPV</subfield><subfield code="d">MTL</subfield><subfield code="d">OCLCQ</subfield></datafield><datafield ind1=" " ind2=" " tag="042"><subfield code="a">msc</subfield></datafield><datafield ind1=" " ind2=" " tag="043"><subfield code="a">n-us-mt</subfield></datafield><datafield ind1=" " ind2=" " tag="045"><subfield code="a">x1x-</subfield></datafield><datafield ind1=" " ind2=" " tag="052"><subfield code="a">4253</subfield><subfield code="b">S7</subfield></datafield><datafield ind1="0" ind2=" " tag="130"><subfield code="a">Columbus news (Columbus, Mont. : 1909)</subfield></datafield><datafield ind1="0" ind2="4" tag="245"><subfield code="a">The Columbus news.</subfield></datafield><datafield ind1=" " ind2=" " tag="260"><subfield code="a">Columbus, Mont. :</subfield><subfield code="b">Gilluly &amp; Walker,</subfield><subfield code="c">1909-1917.</subfield></datafield><datafield ind1=" " ind2=" " tag="300"><subfield code="a">9 v. :</subfield><subfield code="b">ill. ;</subfield><subfield code="c">57 cm.</subfield></datafield><datafield ind1=" " ind2=" " tag="310"><subfield code="a">Weekly</subfield></datafield><datafield ind1="0" ind2=" " tag="362"><subfield code="a">Vol. 9, no. 5 (Sept. 2, 1909)-v. 17, no. 6 (Aug. 23, 1917).</subfield></datafield><datafield ind1=" " ind2=" " tag="500"><subfield code="a">"Devoted to the interests of Columbus and vicinity, and the Great Yellowstone and Stillwater Valleys."</subfield></datafield><datafield ind1=" " ind2=" " tag="500"><subfield code="a">"Republican." Cf. Ayer, 1912.</subfield></datafield><datafield ind1=" " ind2=" " tag="500"><subfield code="a">"Official paper of Stillwater County," Apr. 10, 1913-Dec. 31, 1914.</subfield></datafield><datafield ind1=" " ind2=" " tag="752"><subfield code="a">United States</subfield><subfield code="b">Montana</subfield><subfield code="c">Stillwater</subfield><subfield code="d">Columbus.</subfield></datafield><datafield ind1="0" ind2="0" tag="780"><subfield code="t">Tri-county news (Columbus, Mont.)</subfield><subfield code="w">(DLC)sn 85053051</subfield></datafield><datafield ind1="0" ind2="7" tag="785"><subfield code="t">Stillwater County Democrat</subfield><subfield code="w">(DLC)sn 85053073</subfield></datafield><datafield ind1="0" ind2="7" tag="785"><subfield code="t">Columbus news-Democrat</subfield><subfield code="w">(DLC)sn 85053052</subfield></datafield></record>